 @article{kokkonis_kontogiannis_tomtsis_2017, 
     title={A Smart IoT Fuzzy Irrigation System}, 
     volume={07}, 
     DOI={10.9790/3021-0706011521}, 
     number={06}, 
     journal={IOSR Journal of Engineering}, 
     author={Kokkonis, George and Kontogiannis, Sotirios and Tomtsis, Dimitrios}, 
     year={2017}, 
     month={6}, 
     pages={15–21} 
 }

 @article{alpay_erdem_2018, 
     title={The Control of Greenhouses Based on Fuzzy Logic Using Wireless Sensor Networks}, 
     volume={12}, 
     DOI={10.2991/ijcis.2018.125905641}, 
     number={1}, 
     journal={International Journal of Computational Intelligence Systems}, 
     author={Alpay, Özlem and Erdem, Ebubekir}, year={2018}, month={11}, 
     pages={190} 
 }
 
 @book{masoum_fuchs_2015, 
     place={Amsterdam}, 
     edition={2nd}, 
     title={Power quality in power systems and electrical machines}, ISBN={9780128009888}, 
     url={https://doi.org/10.1016/C2013-0-18758-2},
     publisher={Academic Press/Elsevier}, 
     author={Masoum, Mohammad A. S. and Fuchs, Ewald}, 
     year={2015} 
 }
 
@article{JAISWAL2020105537,
    title = {Fuzzy inference based irrigation controller for agricultural demand side management},
    journal = {Computers and Electronics in Agriculture},
    volume = {175},
    pages = {105537},
    year = {2020},
    issn = {0168-1699},
    doi = {https://doi.org/10.1016/j.compag.2020.105537},
    url = {https://www.sciencedirect.com/science/article/pii/S0168169918314492},
    author = {Supriya Jaiswal and Makarand. S. Ballal}
}

@article{truneh2018fuzzy,
  title={Fuzzy Logic based Automatic Plant Watering System},
  author={Truneh H. Y., Alemu G., Balcha T. M.},
  year={2021},
  month = {7},
  journal = {INTERNATIONAL JOURNAL OF ENGINEERING RESEARCH & TECHNOLOGY},
  volume = {10},
  DOI = {10.17577/IJERTV10IS070293}
}

@inproceedings{mohammed2021intelligent,
  title={An intelligent irrigation system based on fuzzy logic control: A case study for Moroccan oriental climate region},
  author={Mohammed, Benzaouia and Bekkay, Hajji and Migan-Dubois, Anne and Adel, Mellit and Rabhi, Abdelhamid},
  booktitle={2nd international conference on Embedded Systems and Artificial Intelligence (ESAI’21)},
  year={2021}
}